@article{baoModelingControlAir2006,
  title = {Modeling and Control of Air Stream and Hydrogen Flow with Recirculation in a {{PEM}} Fuel Cell System—{{I}}. {{Control-oriented}} Modeling},
  author = {Bao, C and Ouyang, M and Yi, B},
  date = {2006-10},
  journaltitle = {International Journal of Hydrogen Energy},
  volume = {31},
  number = {13},
  pages = {1879--1896},
  issn = {03603199},
  doi = {10.1016/j.ijhydene.2006.02.031},
  url = {https://linkinghub.elsevier.com/retrieve/pii/S0360319906001194},
  urldate = {2024-03-05},
  langid = {english}
}

@article{baoTwodimensionalModelingPolymer2015,
  title = {Two-Dimensional Modeling of a Polymer Electrolyte Membrane Fuel Cell with Long Flow Channel. {{Part I}}. {{Model}} Development},
  author = {Bao, Cheng and Bessler, Wolfgang G.},
  date = {2015-02},
  journaltitle = {Journal of Power Sources},
  volume = {275},
  pages = {922--934},
  issn = {03787753},
  doi = {10.1016/j.jpowsour.2014.11.058},
  url = {https://linkinghub.elsevier.com/retrieve/pii/S0378775314018850},
  urldate = {2024-03-05},
  langid = {english},
  file = {C:\Users\Yiyu\Zotero\storage\A5PX9EVQ\Bao 和 Bessler - 2015 - Two-dimensional modeling of a polymer electrolyte .pdf}
}

@article{baoTwodimensionalModelingPolymer2015a,
  title = {Two-Dimensional Modeling of a Polymer Electrolyte Membrane Fuel Cell with Long Flow Channel. {{Part II}}. {{Physics-based}} Electrochemical Impedance Analysis},
  author = {Bao, Cheng and Bessler, Wolfgang G.},
  date = {2015-03},
  journaltitle = {Journal of Power Sources},
  volume = {278},
  pages = {675--682},
  issn = {03787753},
  doi = {10.1016/j.jpowsour.2014.12.045},
  url = {https://linkinghub.elsevier.com/retrieve/pii/S0378775314020734},
  urldate = {2024-03-05},
  langid = {english}
}

@article{benaggouneDatadrivenMethodMultistepahead2022,
  title = {A Data-Driven Method for Multi-Step-Ahead Prediction and Long-Term Prognostics of Proton Exchange Membrane Fuel Cell},
  author = {Benaggoune, Khaled and Yue, Meiling and Jemei, Samir and Zerhouni, Noureddine},
  date = {2022-05},
  journaltitle = {Applied Energy},
  volume = {313},
  pages = {118835},
  issn = {03062619},
  doi = {10.1016/j.apenergy.2022.118835},
  url = {https://linkinghub.elsevier.com/retrieve/pii/S0306261922002756},
  urldate = {2024-03-05},
  langid = {english}
}

@article{benmounaFaultDiagnosisMethods2017,
  title = {Fault Diagnosis Methods for {{Proton Exchange Membrane Fuel Cell}} System},
  author = {Benmouna, A. and Becherif, M. and Depernet, D. and Gustin, F. and Ramadan, H.S. and Fukuhara, S.},
  date = {2017-01},
  journaltitle = {International Journal of Hydrogen Energy},
  volume = {42},
  number = {2},
  pages = {1534--1543},
  issn = {03603199},
  doi = {10.1016/j.ijhydene.2016.07.181},
  url = {https://linkinghub.elsevier.com/retrieve/pii/S0360319916307364},
  urldate = {2024-03-05},
  langid = {english}
}

@article{cooperElectricalTestMethods2006,
  title = {Electrical Test Methods for On-Line Fuel Cell Ohmic Resistance Measurement},
  author = {Cooper, K.R. and Smith, M.},
  date = {2006-10},
  journaltitle = {Journal of Power Sources},
  volume = {160},
  number = {2},
  pages = {1088--1095},
  issn = {03787753},
  doi = {10.1016/j.jpowsour.2006.02.086},
  url = {https://linkinghub.elsevier.com/retrieve/pii/S0378775306004149},
  urldate = {2024-03-05},
  langid = {english}
}

@article{damourPolymerElectrolyteMembrane2015,
  title = {Polymer Electrolyte Membrane Fuel Cell Fault Diagnosis Based on Empirical Mode Decomposition},
  author = {Damour, Cédric and Benne, Michel and Grondin-Perez, Brigitte and Bessafi, Miloud and Hissel, Daniel and Chabriat, Jean-Pierre},
  date = {2015-12},
  journaltitle = {Journal of Power Sources},
  volume = {299},
  pages = {596--603},
  issn = {03787753},
  doi = {10.1016/j.jpowsour.2015.09.041},
  url = {https://linkinghub.elsevier.com/retrieve/pii/S0378775315303013},
  urldate = {2024-03-05},
  langid = {english},
  file = {C:\Users\Yiyu\Zotero\storage\SNW3J4ZW\Damour 等 - 2015 - Polymer electrolyte membrane fuel cell fault diagn.pdf}
}

@article{endohDegradationStudyMEA2004,
  title = {Degradation {{Study}} of {{MEA}} for {{PEMFCs}} under {{Low Humidity Conditions}}},
  author = {Endoh, Eiji and Terazono, Shinji and Widjaja, Hardiyanto and Takimoto, Yasuyuki},
  date = {2004},
  journaltitle = {Electrochem. Solid-State Lett.},
  volume = {7},
  number = {7},
  pages = {A209},
  issn = {10990062},
  doi = {10.1149/1.1739314},
  url = {https://iopscience.iop.org/article/10.1149/1.1739314},
  urldate = {2024-03-05},
  langid = {english}
}

@article{farcasAdaptiveControlMembrane2014,
  title = {Adaptive {{Control}} of {{Membrane Conductivity}} of {{PEM Fuel Cell}}},
  author = {Fărcaş, Alin C. and Dobra, Petru},
  date = {2014},
  journaltitle = {Procedia Technology},
  volume = {12},
  pages = {42--49},
  issn = {22120173},
  doi = {10.1016/j.protcy.2013.12.454},
  url = {https://linkinghub.elsevier.com/retrieve/pii/S2212017313006397},
  urldate = {2024-03-05},
  langid = {english}
}

@article{ParticleFiltering,
  author          = {T.-C. Li, H.-Q. Fan, S.-D. Sun},
  journal         = {Acta Automatica Sinica},
  title           = {Particle filtering: Theory, approach, and application for multitarget tracking.},
  volume          = {41},
  year            = {2015},
  pages           = {1981-2002},
  url             = {http://dx.doi.org/10.16383/j.aas.2015.c150426},
}

@article{fullerWaterThermalManagement1993,
  title = {Water and {{Thermal Management}} in {{Solid}}‐{{Polymer}}‐{{Electrolyte Fuel Cells}}},
  author = {Fuller, Thomas F. and Newman, John},
  date = {1993-05-01},
  journaltitle = {J. Electrochem. Soc.},
  volume = {140},
  number = {5},
  pages = {1218--1225},
  issn = {0013-4651, 1945-7111},
  doi = {10.1149/1.2220960},
  url = {https://iopscience.iop.org/article/10.1149/1.2220960},
  urldate = {2024-03-05}
}

@article{haslamAssessingFuelCell2012,
  title = {Assessing Fuel Cell Vehicle Innovation and the Role of Policy in {{Japan}}, {{Korea}}, and {{China}}},
  author = {Haslam, Gareth E. and Jupesta, Joni and Parayil, Govindan},
  date = {2012-10},
  journaltitle = {International Journal of Hydrogen Energy},
  volume = {37},
  number = {19},
  pages = {14612--14623},
  issn = {03603199},
  doi = {10.1016/j.ijhydene.2012.06.112},
  url = {https://linkinghub.elsevier.com/retrieve/pii/S0360319912015315},
  urldate = {2024-03-05},
  langid = {english}
}

@article{hinatsuWaterUptakePerfluorosulfonic1994,
  title = {Water {{Uptake}} of {{Perfluorosulfonic Acid Membranes}} from {{Liquid Water}} and {{Water Vapor}}},
  author = {Hinatsu, James T. and Mizuhata, Minoru and Takenaka, Hiroyasu},
  date = {1994-06-01},
  journaltitle = {J. Electrochem. Soc.},
  volume = {141},
  number = {6},
  pages = {1493--1498},
  issn = {0013-4651, 1945-7111},
  doi = {10.1149/1.2054951},
  url = {https://iopscience.iop.org/article/10.1149/1.2054951},
  urldate = {2024-03-05}
}

@article{huThreeDimensionalTwo2004,
  title = {Three Dimensional, Two Phase Flow Mathematical Model for {{PEM}} Fuel Cell: {{Part II}}. {{Analysis}} and Discussion of the Internal Transport Mechanisms},
  shorttitle = {Three Dimensional, Two Phase Flow Mathematical Model for {{PEM}} Fuel Cell},
  author = {Hu, Mingruo and Zhu, Xinjian and Wang, Minghua and Gu, Anzhong and Yu, Lijun},
  date = {2004-07},
  journaltitle = {Energy Conversion and Management},
  volume = {45},
  number = {11-12},
  pages = {1883--1916},
  issn = {01968904},
  doi = {10.1016/j.enconman.2003.09.023},
  url = {https://linkinghub.elsevier.com/retrieve/pii/S0196890403002747},
  urldate = {2024-03-05},
  langid = {english}
}

@article{jiaoThreedimensionalMultiphaseModeling2009,
  title = {Three-Dimensional Multiphase Modeling of Cold Start Processes in Polymer Electrolyte Membrane Fuel Cells},
  author = {Jiao, Kui and Li, Xianguo},
  date = {2009-11},
  journaltitle = {Electrochimica Acta},
  volume = {54},
  number = {27},
  pages = {6876--6891},
  issn = {00134686},
  doi = {10.1016/j.electacta.2009.06.072},
  url = {https://linkinghub.elsevier.com/retrieve/pii/S0013468609009013},
  urldate = {2024-03-05},
  langid = {english}
}

@article{jiaoWaterTransportPolymer2011,
  title = {Water Transport in Polymer Electrolyte Membrane Fuel Cells},
  author = {Jiao, Kui and Li, Xianguo},
  date = {2011-06},
  journaltitle = {Progress in Energy and Combustion Science},
  volume = {37},
  number = {3},
  pages = {221--291},
  issn = {03601285},
  doi = {10.1016/j.pecs.2010.06.002},
  url = {https://linkinghub.elsevier.com/retrieve/pii/S0360128510000511},
  urldate = {2024-03-05},
  langid = {english}
}

@article{kadykNonlinearFrequencyResponse2012,
  title = {Nonlinear Frequency Response Analysis of Dehydration Phenomena in Polymer Electrolyte Membrane Fuel Cells},
  author = {Kadyk, Thomas and Hanke-Rauschenbach, Richard and Sundmacher, Kai},
  date = {2012-05},
  journaltitle = {International Journal of Hydrogen Energy},
  volume = {37},
  number = {9},
  pages = {7689--7701},
  issn = {03603199},
  doi = {10.1016/j.ijhydene.2012.01.148},
  url = {https://linkinghub.elsevier.com/retrieve/pii/S0360319912002455},
  urldate = {2024-03-05},
  langid = {english}
}

@article{kimStateofhealthDiagnosisBased2012,
  title = {State-of-Health Diagnosis Based on Hamming Neural Network Using Output Voltage Pattern Recognition for a {{PEM}} Fuel Cell},
  author = {Kim, Jonghoon and Lee, Inhae and Tak, Yongsug and Cho, B.H.},
  date = {2012-03},
  journaltitle = {International Journal of Hydrogen Energy},
  volume = {37},
  number = {5},
  pages = {4280--4289},
  issn = {03603199},
  doi = {10.1016/j.ijhydene.2011.11.092},
  url = {https://linkinghub.elsevier.com/retrieve/pii/S0360319911025900},
  urldate = {2024-03-05},
  langid = {english}
}

@article{liDatadrivenFrameworkPerformance2022,
  title = {A Data-Driven Framework for Performance Prediction and Parameter Optimization of a Proton Exchange Membrane Fuel Cell},
  author = {Li, Hong-Wei and Qiao, Bin-Xin and Liu, Jun-Nan and Yang, Yue and Fan, Wenxuan and Lu, Guo-Long},
  date = {2022-11},
  journaltitle = {Energy Conversion and Management},
  volume = {271},
  pages = {116338},
  issn = {01968904},
  doi = {10.1016/j.enconman.2022.116338},
  url = {https://linkinghub.elsevier.com/retrieve/pii/S0196890422011165},
  urldate = {2024-03-05},
  langid = {english}
}

@article{liInvestigationMeasurementUncertainty2024,
  title = {Investigation of the Measurement Uncertainty with Regard to Oxygen Stoichiometry on Health Status of Proton Exchange Membrane Fuel Cell via Machine Learning Method},
  author = {Li, Zhejun and Mao, Qing and Zhao, Yao and Zhang, Ping},
  date = {2024-01},
  journaltitle = {International Journal of Hydrogen Energy},
  volume = {52},
  pages = {929--940},
  issn = {03603199},
  doi = {10.1016/j.ijhydene.2023.07.053},
  url = {https://linkinghub.elsevier.com/retrieve/pii/S0360319923034468},
  urldate = {2024-03-05},
  langid = {english}
}

@article{liMultiobjectiveOptimizationDataDriven2021,
  title = {Multiobjective {{Optimization}} and {{Data-Driven Constraint Adaptive Predictive Control}} for {{Efficient}} and {{Stable Operation}} of {{PEMFC System}}},
  author = {Li, Qi and Yin, Liangzhen and Yang, Hanqing and Wang, Tianhong and Qiu, Yibin and Chen, Weirong},
  date = {2021-12},
  journaltitle = {IEEE Trans. Ind. Electron.},
  volume = {68},
  number = {12},
  pages = {12418--12429},
  issn = {0278-0046, 1557-9948},
  doi = {10.1109/TIE.2020.3040662},
  url = {https://ieeexplore.ieee.org/document/9280384/},
  urldate = {2024-03-05}
}

@article{linReviewHydrogenFuel2019,
  title = {Review on Hydrogen Fuel Cell Condition Monitoring and Prediction Methods},
  author = {Lin, Rong-Heng and Xi, Xue-Nan and Wang, Pei-Nan and Wu, Bu-Dan and Tian, Shi-Ming},
  date = {2019-02},
  journaltitle = {International Journal of Hydrogen Energy},
  volume = {44},
  number = {11},
  pages = {5488--5498},
  issn = {03603199},
  doi = {10.1016/j.ijhydene.2018.09.085},
  url = {https://linkinghub.elsevier.com/retrieve/pii/S0360319918329525},
  urldate = {2024-03-05},
  langid = {english}
}

@article{liuPrognosticsMethodsDegradation2020,
  title = {Prognostics Methods and Degradation Indexes of Proton Exchange Membrane Fuel Cells: {{A}} Review},
  shorttitle = {Prognostics Methods and Degradation Indexes of Proton Exchange Membrane Fuel Cells},
  author = {Liu, Hao and Chen, Jian and Hissel, Daniel and Lu, Jianguo and Hou, Ming and Shao, Zhigang},
  date = {2020-05},
  journaltitle = {Renewable and Sustainable Energy Reviews},
  volume = {123},
  pages = {109721},
  issn = {13640321},
  doi = {10.1016/j.rser.2020.109721},
  url = {https://linkinghub.elsevier.com/retrieve/pii/S1364032120300186},
  urldate = {2024-03-05},
  langid = {english}
}

@article{liuProtonConductionOxygen2009,
  title = {Proton {{Conduction}} and {{Oxygen Reduction Kinetics}} in {{PEM Fuel Cell Cathodes}}: {{Effects}} of {{Ionomer-to-Carbon Ratio}} and {{Relative Humidity}}},
  shorttitle = {Proton {{Conduction}} and {{Oxygen Reduction Kinetics}} in {{PEM Fuel Cell Cathodes}}},
  author = {Liu, Yuxiu and Murphy, Michael W. and Baker, Daniel R. and Gu, Wenbin and Ji, Chunxin and Jorne, Jacob and Gasteiger, Hubert A.},
  date = {2009},
  journaltitle = {J. Electrochem. Soc.},
  volume = {156},
  number = {8},
  pages = {B970},
  issn = {00134651},
  doi = {10.1149/1.3143965},
  url = {https://iopscience.iop.org/article/10.1149/1.3143965},
  urldate = {2024-03-05},
  langid = {english}
}

@article{maResearchElectrochemicalImpedance2021,
  title = {Research on Electrochemical Impedance Spectroscope Behavior of Fuel Cell Stack under Different Reactant Relative Humidity},
  author = {Ma, Tiancai and Lin, Weikang and Zhang, Zhaoli and Kang, Jiajun and Yang, Yanbo},
  date = {2021-05},
  journaltitle = {International Journal of Hydrogen Energy},
  volume = {46},
  number = {33},
  pages = {17388--17396},
  issn = {03603199},
  doi = {10.1016/j.ijhydene.2021.02.156},
  url = {https://linkinghub.elsevier.com/retrieve/pii/S0360319921007126},
  urldate = {2024-03-05},
  langid = {english}
}

@article{maWaterContentDiagnosis2020,
  title = {Water Content Diagnosis for Proton Exchange Membrane Fuel Cell Based on Wavelet Transformation},
  author = {Ma, Tiancai and Lin, Weikang and Yang, Yanbo and Wang, Kai and Jia, Wenya},
  date = {2020-08},
  journaltitle = {International Journal of Hydrogen Energy},
  volume = {45},
  number = {39},
  pages = {20339--20350},
  issn = {03603199},
  doi = {10.1016/j.ijhydene.2019.11.068},
  url = {https://linkinghub.elsevier.com/retrieve/pii/S0360319919342491},
  urldate = {2024-03-05},
  langid = {english}
}

@article{meraghniDatadrivenDigitaltwinPrognostics2021,
  title = {A Data-Driven Digital-Twin Prognostics Method for Proton Exchange Membrane Fuel Cell Remaining Useful Life Prediction},
  author = {Meraghni, Safa and Terrissa, Labib Sadek and Yue, Meiling and Ma, Jian and Jemei, Samir and Zerhouni, Noureddine},
  date = {2021-01},
  journaltitle = {International Journal of Hydrogen Energy},
  volume = {46},
  number = {2},
  pages = {2555--2564},
  issn = {03603199},
  doi = {10.1016/j.ijhydene.2020.10.108},
  url = {https://linkinghub.elsevier.com/retrieve/pii/S0360319920339252},
  urldate = {2024-03-05},
  langid = {english},
  file = {C:\Users\Yiyu\Zotero\storage\D6MJK73U\Meraghni 等 - 2021 - A data-driven digital-twin prognostics method for .pdf}
}

@article{moradinafchiAnionExchangeMembrane2024,
  title = {Anion Exchange Membrane Water Electrolysis: {{Numerical}} Modeling and Electrochemical Performance Analysis},
  shorttitle = {Anion Exchange Membrane Water Electrolysis},
  author = {Moradi Nafchi, F. and Afshari, E. and Baniasadi, E.},
  date = {2024-01},
  journaltitle = {International Journal of Hydrogen Energy},
  volume = {52},
  pages = {306--321},
  issn = {03603199},
  doi = {10.1016/j.ijhydene.2023.05.173},
  url = {https://linkinghub.elsevier.com/retrieve/pii/S0360319923024916},
  urldate = {2024-03-05},
  langid = {english}
}

@article{motupallyDiffusionWaterNafion2000,
  title = {Diffusion of {{Water}} in {{Nafion}} 115 {{Membranes}}},
  author = {Motupally, Sathya and Becker, Aaron J. and Weidner, John W.},
  date = {2000},
  journaltitle = {J. Electrochem. Soc.},
  volume = {147},
  number = {9},
  pages = {3171},
  issn = {00134651},
  doi = {10.1149/1.1393879},
  url = {https://iopscience.iop.org/article/10.1149/1.1393879},
  urldate = {2024-03-05},
  langid = {english},
  file = {C:\Users\Yiyu\Zotero\storage\UIK8RDWQ\Motupally 等 - 2000 - Diffusion of Water in Nafion 115 Membranes.pdf}
}

@article{owejanVoltageInstabilitySimulated2007,
  title = {Voltage Instability in a Simulated Fuel Cell Stack Correlated to Cathode Water Accumulation},
  author = {Owejan, J.P. and Trabold, T.A. and Gagliardo, J.J. and Jacobson, D.L. and Carter, R.N. and Hussey, D.S. and Arif, M.},
  date = {2007-09},
  journaltitle = {Journal of Power Sources},
  volume = {171},
  number = {2},
  pages = {626--633},
  issn = {03787753},
  doi = {10.1016/j.jpowsour.2007.06.174},
  url = {https://linkinghub.elsevier.com/retrieve/pii/S0378775307014693},
  urldate = {2024-03-05},
  langid = {english}
}

@article{shinOnlineWaterContents2020,
  title = {On-Line {{Water Contents Diagnosis}} of {{PEMFC Based}} on {{Measurements}}},
  author = {Shin, Donghoon and Yoo, Seungryeol and Lee, Young-Hyun},
  date = {2020-11},
  journaltitle = {Int. J. of Precis. Eng. and Manuf.-Green Tech.},
  volume = {7},
  number = {6},
  pages = {1085--1093},
  issn = {2288-6206, 2198-0810},
  doi = {10.1007/s40684-020-00232-4},
  url = {https://link.springer.com/10.1007/s40684-020-00232-4},
  urldate = {2024-03-05},
  langid = {english}
}

@inproceedings{vandermerweSquarerootUnscentedKalman2001,
  title = {The Square-Root Unscented {{Kalman}} Filter for State and Parameter-Estimation},
  booktitle = {2001 {{IEEE International Conference}} on {{Acoustics}}, {{Speech}}, and {{Signal Processing}}. {{Proceedings}} ({{Cat}}. {{No}}.{{01CH37221}})},
  author = {Van Der Merwe, R. and Wan, E.A.},
  date = {2001},
  volume = {6},
  pages = {3461--3464},
  publisher = {{IEEE}},
  location = {{Salt Lake City, UT, USA}},
  doi = {10.1109/ICASSP.2001.940586},
  url = {http://ieeexplore.ieee.org/document/940586/},
  urldate = {2024-03-05},
  eventtitle = {2001 {{IEEE International Conference}} on {{Acoustics}}, {{Speech}}, and {{Signal Processing}}. {{Proceedings}}},
  isbn = {978-0-7803-7041-8}
}

@article{vichardHybridFuelCell2021,
  title = {Hybrid Fuel Cell System Degradation Modeling Methods: {{A}} Comprehensive Review},
  shorttitle = {Hybrid Fuel Cell System Degradation Modeling Methods},
  author = {Vichard, L. and Steiner, N. Yousfi and Zerhouni, N. and Hissel, D.},
  date = {2021-09},
  journaltitle = {Journal of Power Sources},
  volume = {506},
  pages = {230071},
  issn = {03787753},
  doi = {10.1016/j.jpowsour.2021.230071},
  url = {https://linkinghub.elsevier.com/retrieve/pii/S0378775321005954},
  urldate = {2024-03-05},
  langid = {english},
  file = {C:\Users\Yiyu\Zotero\storage\52EIHEA7\Vichard 等 - 2021 - Hybrid fuel cell system degradation modeling metho.pdf}
}

@article{wuModelingWaterTransport2009,
  title = {On the Modeling of Water Transport in Polymer Electrolyte Membrane Fuel Cells},
  author = {Wu, Hao and Li, Xianguo and Berg, Peter},
  date = {2009-11},
  journaltitle = {Electrochimica Acta},
  volume = {54},
  number = {27},
  pages = {6913--6927},
  issn = {00134686},
  doi = {10.1016/j.electacta.2009.06.070},
  url = {https://linkinghub.elsevier.com/retrieve/pii/S0013468609008998},
  urldate = {2024-03-05},
  langid = {english}
}

@article{xuNonlinearObservationInternal2017,
  title = {Nonlinear Observation of Internal States of Fuel Cell Cathode Utilizing a High-Order Sliding-Mode Algorithm},
  author = {Xu, Liangfei and Hu, Junming and Cheng, Siliang and Fang, Chuan and Li, Jianqiu and Ouyang, Minggao and Lehnert, Werner},
  date = {2017-07},
  journaltitle = {Journal of Power Sources},
  volume = {356},
  pages = {56--71},
  issn = {03787753},
  doi = {10.1016/j.jpowsour.2017.04.068},
  url = {https://linkinghub.elsevier.com/retrieve/pii/S0378775317305633},
  urldate = {2024-03-05},
  langid = {english}
}

@article{yangInplaneTransportEffects2012,
  title = {In-Plane Transport Effects on Hydrogen Depletion and Carbon Corrosion Induced by Anode Flooding in Proton Exchange Membrane Fuel Cells},
  author = {Yang, Xiao-Guang and Ye, Qiang and Cheng, Ping},
  date = {2012-08},
  journaltitle = {International Journal of Heat and Mass Transfer},
  volume = {55},
  number = {17-18},
  pages = {4754--4765},
  issn = {00179310},
  doi = {10.1016/j.ijheatmasstransfer.2012.04.040},
  url = {https://linkinghub.elsevier.com/retrieve/pii/S0017931012002918},
  urldate = {2024-03-05},
  langid = {english}
}

@article{yuanModelbasedObserversInternal2020a,
  title = {Model-Based Observers for Internal States Estimation and Control of Proton Exchange Membrane Fuel Cell System: {{A}} Review},
  shorttitle = {Model-Based Observers for Internal States Estimation and Control of Proton Exchange Membrane Fuel Cell System},
  author = {Yuan, Hao and Dai, Haifeng and Wei, Xuezhe and Ming, Pingwen},
  date = {2020-08},
  journaltitle = {Journal of Power Sources},
  volume = {468},
  pages = {228376},
  issn = {03787753},
  doi = {10.1016/j.jpowsour.2020.228376},
  url = {https://linkinghub.elsevier.com/retrieve/pii/S0378775320306807},
  urldate = {2024-03-05},
  langid = {english}
}

@article{zhangIntelligentSimultaneousFault2019,
  title = {Intelligent Simultaneous Fault Diagnosis for Solid Oxide Fuel Cell System Based on Deep Learning},
  author = {Zhang, Zehan and Li, Shuanghong and Xiao, Yawen and Yang, Yupu},
  date = {2019-01},
  journaltitle = {Applied Energy},
  volume = {233--234},
  pages = {930--942},
  issn = {03062619},
  doi = {10.1016/j.apenergy.2018.10.113},
  url = {https://linkinghub.elsevier.com/retrieve/pii/S0306261918316854},
  urldate = {2024-03-05},
  langid = {english}
}

@article{zhangUnscentedKalmanFilter2020,
  title = {An {{Unscented Kalman Filter Based}} On-Line {{Diagnostic Approach For PEM Fuel Cell Flooding}}},
  author = {Zhang, Xian and Pisu, Pierluigi},
  date = {2020-11-01},
  journaltitle = {IJPHM},
  volume = {5},
  number = {1},
  issn = {2153-2648, 2153-2648},
  doi = {10.36001/ijphm.2014.v5i1.2204},
  url = {https://papers.phmsociety.org/index.php/ijphm/article/view/2204},
  urldate = {2024-03-05},
  abstract = {Poor water management usually leads to various degrees of flooding in the hydrogen type fuel cell, affecting both the instantaneous performance and the long-term durability of the system adversely. While a lot of fuel cell diagnostic tools exist that could be utilized for the flooding diagnostics, most of these approaches are intrusive, requiring special modification to the fuel cell that affects its integrity, or special equipment (e.g. AC spectrometer) that adds to the complexity and cost of the system, and therefore are not considered to be a viable solution for the on-board integration of the diagnostic scheme.This paper proposes a model based approach for the fuel cell flooding diagnostics problem, utilizing only the cell current and voltage, and the inlet pressures of the fuel cell as the input signals of the diagnostic scheme. A diagnostic-oriented fuel cell system dynamic model is developed to incorporate the effects of the fault, i.e. the flooding, on the system dynamics. For simplicity, only the cathode channel flooding, the cathode gas diffusion layer (GDL) flooding, and the anode channel flooding are considered while we neglect the mass transport loss through the anode GDL. The cathode channel flooding and the GDL flooding diagnostic problems are decoupled and formulated as standard joint state and parameter estimation problems, with the amounts of the liquid water treated as varying system parameters to be identified. The unscented Kalman Filter technique has been applied to solve these problems. Simulation results validate the applicability of the cascading unscented Kalman filter design for flooding diagnostics.},
  file = {C:\Users\Yiyu\Zotero\storage\DLASZS9J\Zhang 和 Pisu - 2020 - An Unscented Kalman Filter Based on-line Diagnosti.pdf}
}

@article{zhuHighprecisionIdentificationPolarization2022,
  title = {High-Precision Identification of Polarization Processes of Distribution of Relaxation Times by Polarization Curve Model for Proton Exchange Membrane Fuel Cell},
  author = {Zhu, Dong and Yang, Yanbo and Pei, Fenglai and Ma, Tiancai},
  date = {2022-09},
  journaltitle = {Energy Conversion and Management},
  volume = {268},
  pages = {115994},
  issn = {01968904},
  doi = {10.1016/j.enconman.2022.115994},
  url = {https://linkinghub.elsevier.com/retrieve/pii/S0196890422007877},
  urldate = {2024-03-05},
  langid = {english}
}

@book{barbir2012pem,
  title={PEM fuel cells: theory and practice},
  author={Barbir, Frano},
  year={2012},
  publisher={Academic press}
}

@book{dullien2012porous,
  title={Porous media: fluid transport and pore structure},
  author={Dullien, Francis AL},
  year={2012},
  publisher={Academic press}
}

@article{bruggeman1935calculation,
  title={The calculation of various physical constants of heterogeneous substances. I. The dielectric constants and conductivities of mixtures composed of isotropic substances},
  author={Bruggeman, DAG},
  journal={Annals of Physics},
  volume={416},
  pages={636--791},
  year={1935}
}

@book{cussler2009diffusion,
  title={Diffusion: mass transfer in fluid systems},
  author={Cussler, Edward Lansing},
  year={2009},
  publisher={Cambridge university press}
}